
   <record>
      <leader>00000nz  a2200000nc 4500</leader>
      <controlfield tag="001">institutions/30004475</controlfield>
      <controlfield tag="003">DE-633</controlfield>
      <controlfield tag="005">20250620052030.0</controlfield>
      <controlfield tag="008">161109||||z|||a|||||||||||||||||n||||||d</controlfield>
      <datafield tag="024" ind1="7" ind2=" ">
         <subfield code="a">NZ-Aua</subfield>
         <subfield code="q">siglum</subfield>
         <subfield code="2">rism</subfield>
      </datafield>
      <datafield tag="034" ind1="1" ind2=" ">
         <subfield code="d">174.771573</subfield>
         <subfield code="f">-36.851127</subfield>
      </datafield>
      <datafield tag="040" ind1=" " ind2=" ">
         <subfield code="a">DE-633</subfield>
         <subfield code="c">DE-633</subfield>
         <subfield code="e">rismg</subfield>
      </datafield>
      <datafield tag="043" ind1=" " ind2=" ">
         <subfield code="c">XE-NZ</subfield>
      </datafield>
      <datafield tag="110" ind1="1" ind2=" ">
         <subfield code="a">University of Auckland Library, Special Collections, Archive of Māori and Pacific Sound</subfield>
         <subfield code="c">Auckland</subfield>
         <subfield code="g">NZ-Aua</subfield>
      </datafield>
      <datafield tag="368" ind1=" " ind2=" ">
         <subfield code="a">Institution</subfield>
         <subfield code="a">Library</subfield>
         <subfield code="a">Archive</subfield>
      </datafield>
      <datafield tag="371" ind1=" " ind2=" ">
         <subfield code="a">10 Symonds Street</subfield>
         <subfield code="a">Room 820, Level 8, Human Sciences Building</subfield>
         <subfield code="b">Auckland 1010</subfield>
         <subfield code="c">North Island</subfield>
         <subfield code="d">New Zealand</subfield>
         <subfield code="m">ampm@auckland.ac.nz</subfield>
         <subfield code="u">https://www.library.auckland.ac.nz/about-us/collections/special-collections/amps</subfield>
         <subfield code="z">tel: +64 / (0)9 / 923 5008</subfield>
      </datafield>
      <datafield tag="410" ind1=" " ind2=" ">
         <subfield code="a">University of Auckland, Department of Anthropology, Archive of Maori and Pacific Music</subfield>
      </datafield>
      <datafield tag="551" ind1="1" ind2=" ">
         <subfield code="a">Auckland</subfield>
         <subfield code="0">places/3901150</subfield>
      </datafield>
   </record>